@misc{web:trading_interpretation,
    author = {Wikipedia},
    title = {{MACD} - {W}ikipedia},
    note = {\url{https://en.wikipedia.org/wiki/MACD#Trading_interpretation}}
}
